% Encoding: UTF8

% Dica: Google Scholar dá as referências no formato BibTex mas é necessário adicionar o campo journal quando não tem :)

@article{Lunardi-2014,
  title={Gestão Educacional na modalidade EAD: Um olhar no processo tecnológico do Pró-Conselho/UFSM},
  author={Lunardi, M. G. e Lunardi M. E.},
  year={2014},
  journal={Interfaces entre políticas públicas/gestão educacional e
  formação docente [livro eletrônico]}
}

% Para referenciar sites:
@misc{mec-site,
  author = {MEC},
  title = {Sistemas do Ministério da Educação - MEC},
  year = {2014},
  note = {Disponível em <http://goo.gl/39AY0x>},
  howpublished = {Acesso em: 13 ago. 2014}
}

@misc{sicme-site,
	author = {SICME},
	title = {Sistema de Informações dos Conselhos Municipais de Educação},
	year = {2011},
	note = {Disponível em <http://sicme.mec.gov.br/>},
	howpublished = {Acesso em: 12 ago. 2014}
}

@book{Han-kamber2nd,
  title={Data Mining, Southeast Asia Edition: Concepts and Techniques},
  author={Han, J. and Kamber, M.},
  isbn={9780080475585},
  lccn={2006296324},
  series={The Morgan Kaufmann Series in Data Management Systems},
  url={http://books.google.com.br/books?id=AfL0t-YzOrEC},
  year={2006},
  publisher={Elsevier Science}
}
